
@book{FairesBurdenBlankenhagel1994,
title = {Numerische Methoden: NÃ¤herungsverfahren und ihre praktische Anwendung},
series = {Spektrum-Lehrbuch},
author = {Faires, John Douglas and Burden, Richard L. and Blankenhagel, Marita},
editor = {Blankenhagel, Marita},
editor = {Faires, John Douglas},
address = {Heidelberg},
publisher = {Spektrum, Akad. Verl.},
year = {1994},
}

@Book{Hermann2011,
 Author = {Hermann, Martin},
 Title = {Numerische {Mathematik}},
 Edition = {3rd revised and expanded ed.},
 ISBN = {978-3-486-70820-2; 978-3-486-71970-3},
 Year = {2011},
 Publisher = {M{\"u}nchen: Oldenbourg Verlag},
 Language = {German},
 Keywords = {65-01,65Dxx,65Fxx,65Hxx,65G50,65Txx,65Y15,68W30},
 zbMATH = {5969591},
 Zbl = {1254.65001}
}

@Book{Hermann2020,
 Author = {Hermann, Martin},
 Title = {Numerische {Mathematik}. {Band} 1: {Algebraische} {Probleme}},
 Edition = {4th revised and enlarged},
 FSeries = {De Gruyter Studium},
 Series = {De Gruyter Stud.},
 ISBN = {978-3-11-065665-7; 978-3-11-065668-8},
 Year = {2020},
 Publisher = {Berlin: De Gruyter},
 Language = {German},
 DOI = {10.1515/9783110656688},
}


@Book{RoosStynesTobiska2008,
 Author = {Roos, Hans-G{\"o}rg and Stynes, Martin and Tobiska, Lutz},
 Title = {Robust numerical methods for singularly perturbed differential equations. {Convection}-diffusion-reaction and flow problems},
 Edition = {2nd ed.},
 FSeries = {Springer Series in Computational Mathematics},
 Series = {Springer Ser. Comput. Math.},
 ISSN = {0179-3632},
 Volume = {24},
 ISBN = {978-3-540-34466-7},
 Year = {2008},
 Publisher = {Berlin: Springer},
 Language = {English},
 DOI = {10.1007/978-3-540-34467-4},
}


@Misc{PeitgenRichter1986,
 Author = {Peitgen, H.-O. and Richter, P. H.},
 Title = {The beauty of fractals. {Images} of complex dynamical systems},
 Year = {1986},
 Language = {English},
 HowPublished = {Berlin etc.: {Springer}-{Verlag}. xii, 199 pp.},
 Keywords = {37-02,37-04,37F45,28A80,00A69,37F10,39B12,26A18,30C10},
 zbMATH = {3969683},
 Zbl = {0601.58003}
}

@Article{DelfourFortinPayre_schroedinger_1981,
 Author = {Delfour, M. and Fortin, M. and Payre, G.},
 Title = {Finite-difference solutions of a non-linear {Schr{\"o}dinger} equation},
 FJournal = {Journal of Computational Physics},
 Journal = {J. Comput. Phys.},
 ISSN = {0021-9991},
 Volume = {44},
 Pages = {277--288},
 Year = {1981},
 Language = {English},
 DOI = {10.1016/0021-9991(81)90052-8},
 Keywords = {65Z05,65N22,76X05,35Q99,81Q05},
 zbMATH = {3750230},
 Zbl = {0477.65086}
} 

@Book{Bartels_cpde_2016,
 Author = {Bartels, S{\"o}ren},
 Title = {Numerical approximation of partial differential equations},
 FSeries = {Texts in Applied Mathematics},
 Series = {Texts Appl. Math.},
 ISSN = {0939-2475},
 Volume = {64},
 ISBN = {978-3-319-32353-4; 978-3-319-32354-1},
 Year = {2016},
 Publisher = {Cham: Springer},
 Language = {English},
 DOI = {10.1007/978-3-319-32354-1},
 Keywords = {65Mxx,65Nxx,65M06,65M60,65N06,65N22,65N30,65N50,65N55,65-02,65N08,65M08,35J25,35K05,65F08,74S05,74B05,74K20,78A25,78M10,76D05,76M10,35L05},
 zbMATH = {6567165},
 Zbl = {1353.65089}
}

@Book{StoerBulirsch2005,
 Author = {Stoer, Josef and Bulirsch, Roland},
 Title = {Numerische {Mathematik} 2. {Eine} {Einf{\"u}hrung} -- unter {Ber{\"u}cksichtigung} von {Vorlesungen} von {F}. {L}. {Bauer}.},
 Edition = {5th ed.},
 FSeries = {Springer-Lehrbuch},
 Series = {Springer-Lehrb.},
 ISSN = {0937-7433},
 ISBN = {3-540-23777-1},
 Year = {2005},
 Publisher = {Berlin: Springer},
 Language = {English},
 DOI = {10.1007/b137272},
}

@Book{DeuflhardHohmann2019,
 Author = {Deuflhard, Peter and Hohmann, Andreas},
 Title = {Numerische {Mathematik} 1. {Eine} algorithmisch orientierte {Einf{\"u}hrung}.},
 Edition = {5th revised and expanded edition},
 FSeries = {De Gruyter Studium},
 Series = {De Gruyter Stud.},
 ISBN = {978-3-11-061421-3; 978-3-11-061432-9},
 Year = {2019},
 Publisher = {Berlin: de Gruyter},
 Language = {English},
 DOI = {10.1515/9783110614329},
 Keywords = {65-01,65H10,65Q20,65Fxx,65Dxx,65C60,62J05,65G50,65T50,65Bxx,65Cxx},
 zbMATH = {6994002},
 Zbl = {1404.65001}
}

@Book{FreundHoppe2007,
 Author = {Freund, Roland W. and Hoppe, Ronald H. W.},
 Title = {Stoer/{Bulirsch}: {Numerische} {Mathematik} 1},
 Edition = {10th revised ed.},
 FSeries = {Springer-Lehrbuch},
 Series = {Springer-Lehrb.},
 ISSN = {0937-7433},
 ISBN = {978-3-540-45389-5},
 Year = {2007},
 Publisher = {Berlin: Springer},
 Language = {German},
 DOI = {10.1007/978-3-540-45390-1},
}

